@article{PerceptualLosses,
  author    = {Justin Johnson and
               Alexandre Alahi and
               Fei{-}Fei Li},
  title     = {Perceptual Losses for Real-Time Style Transfer and Super-Resolution},
  journal   = {CoRR},
  volume    = {abs/1603.08155},
  year      = {2016},
  url       = {http://arxiv.org/abs/1603.08155},
  timestamp = {Wed, 07 Jun 2017 14:40:26 +0200},
  biburl    = {http://dblp.org/rec/bib/journals/corr/JohnsonAL16},
  bibsource = {dblp computer science bibliography, http://dblp.org}
}

@article{RealtimeCNN,
  author    = {Wenzhe Shi and
               Jose Caballero and
               Ferenc Husz{\'{a}}r and
               Johannes Totz and
               Andrew P. Aitken and
               Rob Bishop and
               Daniel Rueckert and
               Zehan Wang},
  title     = {Real-Time Single Image and Video Super-Resolution Using an Efficient
               Sub-Pixel Convolutional Neural Network},
  journal   = {CoRR},
  volume    = {abs/1609.05158},
  year      = {2016},
  url       = {http://arxiv.org/abs/1609.05158},
  timestamp = {Wed, 07 Jun 2017 14:40:18 +0200},
  biburl    = {http://dblp.org/rec/bib/journals/corr/ShiCHTABRW16},
  bibsource = {dblp computer science bibliography, http://dblp.org}
}

@article{DeeplyRecursive,
  author    = {Jiwon Kim and
               Jung Kwon Lee and
               Kyoung Mu Lee},
  title     = {Deeply-Recursive Convolutional Network for Image Super-Resolution},
  journal   = {CoRR},
  volume    = {abs/1511.04491},
  year      = {2015},
  url       = {http://arxiv.org/abs/1511.04491},
  timestamp = {Wed, 07 Jun 2017 14:42:52 +0200},
  biburl    = {http://dblp.org/rec/bib/journals/corr/KimLL15a},
  bibsource = {dblp computer science bibliography, http://dblp.org}
}

@article{SRGAN,
  author    = {Christian Ledig and
               Lucas Theis and
               Ferenc Huszar and
               Jose Caballero and
               Andrew P. Aitken and
               Alykhan Tejani and
               Johannes Totz and
               Zehan Wang and
               Wenzhe Shi},
  title     = {Photo-Realistic Single Image Super-Resolution Using a Generative Adversarial
               Network},
  journal   = {CoRR},
  volume    = {abs/1609.04802},
  year      = {2016},
  url       = {http://arxiv.org/abs/1609.04802},
  timestamp = {Wed, 07 Jun 2017 14:40:32 +0200},
  biburl    = {http://dblp.org/rec/bib/journals/corr/LedigTHCATTWS16},
  bibsource = {dblp computer science bibliography, http://dblp.org}
}

@incollection{AlexNet,
title = {ImageNet Classification with Deep Convolutional Neural Networks},
author = {Alex Krizhevsky and Sutskever, Ilya and Hinton, Geoffrey E},
booktitle = {Advances in Neural Information Processing Systems 25},
editor = {F. Pereira and C. J. C. Burges and L. Bottou and K. Q. Weinberger},
pages = {1097--1105},
year = {2012},
publisher = {Curran Associates, Inc.},
url = {http://papers.nips.cc/paper/4824-imagenet-classification-with-deep-convolutional-neural-networks.pdf}
}

@incollection{GAN,
title = {Generative Adversarial Nets},
author = {Goodfellow, Ian and Pouget-Abadie, Jean and Mirza, Mehdi and Xu, Bing and Warde-Farley, David and Ozair, Sherjil and Courville, Aaron and Bengio, Yoshua},
booktitle = {Advances in Neural Information Processing Systems 27},
editor = {Z. Ghahramani and M. Welling and C. Cortes and N. D. Lawrence and K. Q. Weinberger},
pages = {2672--2680},
year = {2014},
publisher = {Curran Associates, Inc.},
url = {http://papers.nips.cc/paper/5423-generative-adversarial-nets.pdf}
}

@article{Cityscapes,
  author    = {Marius Cordts and
               Mohamed Omran and
               Sebastian Ramos and
               Timo Rehfeld and
               Markus Enzweiler and
               Rodrigo Benenson and
               Uwe Franke and
               Stefan Roth and
               Bernt Schiele},
  title     = {The Cityscapes Dataset for Semantic Urban Scene Understanding},
  journal   = {CoRR},
  volume    = {abs/1604.01685},
  year      = {2016},
  url       = {http://arxiv.org/abs/1604.01685},
  timestamp = {Wed, 07 Jun 2017 14:41:02 +0200},
  biburl    = {http://dblp.org/rec/bib/journals/corr/CordtsORREBFRS16},
  bibsource = {dblp computer science bibliography, http://dblp.org}
}

@article{FullyConvolutionalSS,
  author    = {Jonathan Long and
               Evan Shelhamer and
               Trevor Darrell},
  title     = {Fully Convolutional Networks for Semantic Segmentation},
  journal   = {CoRR},
  volume    = {abs/1411.4038},
  year      = {2014},
  url       = {http://arxiv.org/abs/1411.4038},
  timestamp = {Wed, 07 Jun 2017 14:42:28 +0200},
  biburl    = {http://dblp.org/rec/bib/journals/corr/LongSD14},
  bibsource = {dblp computer science bibliography, http://dblp.org}
}

@article{ResNet,
  author    = {Kaiming He and
               Xiangyu Zhang and
               Shaoqing Ren and
               Jian Sun},
  title     = {Deep Residual Learning for Image Recognition},
  journal   = {CoRR},
  volume    = {abs/1512.03385},
  year      = {2015},
  url       = {http://arxiv.org/abs/1512.03385},
  timestamp = {Wed, 07 Jun 2017 14:41:17 +0200},
  biburl    = {http://dblp.org/rec/bib/journals/corr/HeZRS15},
  bibsource = {dblp computer science bibliography, http://dblp.org}
}

@article{ImageSynthesis,
  author    = {Qifeng Chen and
               Vladlen Koltun},
  title     = {Photographic Image Synthesis with Cascaded Refinement Networks},
  journal   = {CoRR},
  volume    = {abs/1707.09405},
  year      = {2017},
  url       = {http://arxiv.org/abs/1707.09405},
  timestamp = {Tue, 08 Aug 2017 13:30:53 +0200},
  biburl    = {http://dblp.org/rec/bib/journals/corr/ChenK17aa},
  bibsource = {dblp computer science bibliography, http://dblp.org}
}
